2248 3996
300 239 306 243 ’
400 229 511 277 AD
564 197 998 275 nemum
1054 223 1515 277 PRAEFATm.
1625 286 1630 291 ,

41 423 45 425 ·
84 399 332 474 editum
386 397 829 488 sancitumque
875 393 1021 472 effe,
1069 394 1162 462 ad
1199 393 1526 463 tollendam
1575 395 1837 488 Opinio-

85 528 233 574 num
286 499 748 593 Dgffe’ntionem,
805 514 868 567 et
918 500 1296 591 Corfivqfitm,
1323 499 1389 567 in
1445 500 1608 567 verli
1655 502 1835 569 Reli-

20 627 27 630 ·
75 610 256 702 gione
282 603 694 698 firmandum.
794 604 990 672 Unde
1032 604 1115 671 ab
1169 605 1438 674 istorum
1486 603 1839 676 hominum

85 717 347 789 Errore,
399 734 480 779 ne
541 710 753 779 dicam
808 709 1083 787 Fraude,
1142 732 1366 778 caveas
1420 726 1702 801 oportet,
1757 732 1839 780 ex

84 842 367 911 quorum
401 814 706 884 sententia
746 814 1058 882 Articulis
1101 814 1203 881 his
1247 815 1637 883 subscribere
1685 815 1839 884 licet

7 919 21 944 ⁸
82 926 279 991 etiam
342 922 424 989 ab
487 919 724 987 eisdem
787 918 1326 987 dissentientibus,
1434 922 1602 988 Sunt
1657 924 1838 992 enim

83 1031 201 1120 qui
259 1025 378 1094 hos
434 1025 761 1092 Articulos
829 1024 1026 1095 Pacis
1087 1039 1345 1092 tantum
1405 1025 1528 1092 effe
1583 1026 1835 1106 volunt,

83 1134 231 1199 ideo
274 1132 590 1199 nimirum
641 1143 717 1196 ut
758 1129 1220 1198 subscribentes
1263 1152 1394 1198 non
1432 1131 1509 1197 iis
1561 1133 1832 1201 consen-

82 1238 224 1315 tire,
281 1236 388 1305 sed
441 1249 696 1303 tantum
738 1259 871 1302 non
919 1235 1132 1327 palam
1178 1234 1610 1303 contradicere
1658 1235 1832 1304 obli-

0 1353 11 1363 '
81 1356 337 1434 gentur.
436 1342 557 1408 Ast
588 1340 743 1406 editi
772 1341 939 1418 sunt,
975 1341 1055 1407 ad
1088 1341 1435 1408 tollendam
1460 1341 1833 1432 Opinionum

18 1532 31 1541 .
82 1472 263 1539 aeque
312 1470 387 1513 ac
441 1448 821 1513 Sermonum
872 1444 1296 1537 clyffi’ntionem,
1349 1446 1429 1513 ad
1472 1449 1835 1537 cmffmstm,

80 1554 151 1619 in
205 1552 351 1619 vera
402 1551 741 1642 Religione
793 1551 1211 1631 firmandum,
1267 1574 1399 1619 non
1449 1566 1709 1622 tantum
1755 1553 1838 1620 ad

82 1655 585 1724 dissentientium
628 1681 739 1723 ora
772 1655 1151 1723 obturanda.
1261 1657 1398 1723 Alii
1429 1680 1620 1748 porro
1653 1658 1834 1725 aiunt

81 1763 257 1852 quod
319 1761 629 1828 Articulis
691 1761 792 1828 his
856 1785 936 1828 ex
1000 1759 1244 1852 privata
1297 1762 1839 1853 Interpretatione

79 1866 469 1932 subscribere
520 1869 732 1943 liceat,
784 1866 885 1932 vel
940 1881 1162 1933 contra
1216 1882 1544 1959 receptam
1597 1867 1833 1934 defini-

80 1987 347 2062 tamque
413 1973 719 2038 Ecclefiae
776 1971 1181 2040 Sententiam.
1292 1972 1553 2064 Qibus
1610 1991 1834 2040 autem

81 2076 355 2143 vinculis
391 2077 864 2168 constringendi
900 2077 1046 2143 sunt
1078 2075 1151 2142 hi
1183 2077 1544 2168 verfipelles
1578 2078 1735 2144 adeo
1767 2095 1836 2144 et

79 2195 217 2248 tam
246 2171 511 2250 >lubricae
544 2182 716 2259 fidei,
758 2185 950 2271 juxta
981 2203 1141 2271 quos
1177 2181 1278 2247 vel
1316 2182 1433 2248 Pii
1458 2185 1578 2250 IV.
1638 2185 1831 2274 Sym-

79 2286 254 2363 bolo,
300 2288 400 2353 vel
440 2289 636 2354 etiam
682 2287 1139 2354 Muhammedis
1179 2286 1504 2354 Alcorano
1552 2287 1830 2356 subscri-

80 2389 226 2456 bere
286 2392 488 2457 licet?
541 2392 814 2458 Proinde
866 2392 1017 2458 scias
1062 2416 1598 2483 unumquemque
1643 2396 1829 2460 Arti-

80 2495 239 2560 culis
303 2496 403 2562 his
468 2496 966 2563 subscribentem
1026 2498 1410 2564 Doctrinam
1475 2501 1541 2564 in
1604 2499 1830 2566 iisdem

79 2617 455 2667 contentam
502 2601 714 2692 palam
753 2601 1127 2693 approbare,
1175 2601 1408 2692 eosque
1440 2606 1481 2648 ἦε
1519 2612 1725 2670 omnes‘
1754 2628 1831 2672 ac

49 2704 353 2793 fingam,
390 2704 453 2772 in
488 2706 727 2772 literali
746 2707 1267 2798 grammaticoque
1284 2710 1475 2798 strgfu
1525 2723 1827 2800 acceptos,

78 2808 279 2875 Verbo
321 2809 460 2877 Dei
506 2814 919 2901 constntanws
953 2810 1055 2900 ff
1087 2835 1285 2877 manu
1333 2813 1438 2878 sua
1481 2814 1824 2880 affirmare.

81 2915 221 3003 Qi
262 2915 442 2979 aliter
483 2916 759 2981 sentiens
809 2915 1168 2992 subscribit,
1203 2916 1473 2983 solennis
1506 2919 1829 2984 mendacii

78 3040 218 3083 reus
251 3019 364 3095 est,
391 3043 519 3087 non
556 3021 835 3109 probum
858 3019 1295 3086 Christianum
1320 3021 1428 3086 sed
1451 3023 1829 3113 improbum

78 3120 387 3206 Jesuitam
437 3125 593 3213 agit,
629 3124 872 3191 debitas
909 3140 1099 3191 tantae
1130 3124 1412 3216 perfidiae
1449 3150 1672 3217 poenas
1706 3127 1827 3194 ali-

80 3225 335 3315 quando
367 3227 664 3294 luiturus·

101 3428 137 3464 ὓ
172 3429 238 3478 V.
265 3430 646 3483 Declarationem
665 3431 870 3500 Regiam
894 3431 1121 3485 Articulis
1139 3433 1403 3499 praefixam,
1427 3445 1476 3485 et
1499 3433 1683 3485 Canon.
1715 3434 1800 3501 36.

904 3663 1042 3732 A4
1584 3667 1819 3715 auc-

2030 211 2122 282 vii
