2248 3996
306 254 774 340 tectum.
846 254 1410 342 nnoncgmffi.
1589 328 1592 332 .
1919 270 2003 334 25

0 438 160 510 mus,
213 426 293 495 de
324 438 603 519 quorum
641 425 1044 503 auctoritate,
1094 426 1163 492 in
1192 421 1518 517 “Ecclefia
1559 445 1735 491 nun..
1779 437 1813 470 Α
1856 438 1891 473 ιι
1930 433 1990 471 τ.

0 558 194 630 quam
224 532 592 600 dubitatum
624 531 743 600 est.
1841 504 1924 538 Ἦ·

0 721 103 795 De
151 720 484 790 nominibus
529 722 607 789 et'
641 743 889 800 numero
936 715 1234 785 librorum
1257 720 1478 809 Jhcrae
1525 705 1735 785 Cano-

241 827 409 895 nicae·
431 827 783 919 Scrtpturae
815 822 1047 894 veteris
1081 816 1471 911 Testamenti.

0 999 287 1067 Genefis.
911 992 1242 1077 Secundus
1289 994 1451 1061 liber
1499 995 1741 1063 Parali-

0 1098 280 1172 ExoduS.
1000 1123 1263 1191 pomen.

0 1206 353 1292 Leviticus.
912 1207 1165 1273 Primus
1196 1205 1363 1271 liber
1395 1203 1661 1272 Esdrae-

0 1305 300 1380 Numeri.
909 1317 929 1350 ⁵
946 1309 1269 1375 Secundus
1302 1309 1418 1375 lib.
1445 1309 1692 1383 Esdrae.

0 1415 355 1484 Deuteron.
913 1413 1112 1505 Liber
1147 1414 1402 1480 Hester.

0 1512 221 1608 Josuae.
916 1519 1115 1586 Liber
1146 1519 1302 1608 Job.

0 1624 329 1714 Judicum.
917 1623 1175 1691 Psalmi.

0 1722 209 1796 Ruth.
906 1727 1284 1802 ,Proverbia.

0 1833 180 1901 Prior
211 1833 375 1899 liber
401 1832 731 1900 SamueliS.
918 1833 1352 1911 Ecclefiaste8‚
1410 1830 1514 1898 vel
1565 1831 1748 1899 Con-

0 1926 321 2013 Secundus
357 1938 519 2005 liber
558 1940 730 2003 Sam.
1008 1940 1320 2004 cionator.

0 2039 179 2139 Prior
210 2043 373 2108 liber
407 2044 692 2132 Regum.
919 2043 1189 2110 Cantica
1225 2041 1604 2109 Solomonis·

0 2144 268 2213 Secund.
302 2147 463 2213 liber
494 2147 777 2236 Regum.

0 2249 182 2353 Prior
213 2252 330 2317 lib.
367 2252 749 2343 Paralipom.

919 2149 1044 2214 IV.
1082 2145 1416 2237 Prophetae
1438 2147 1753 2234 MajoreS.

888 2253 1082 2319 .XII.
1123 2250 1367 2343 Proph.
1402 2251 1722 2320 Minores·

0 2439 175 2505 Alios
223 2456 423 2506 autem
472 2438 655 2507 libros
709 2442 814 2531 (ut
865 2440 961 2506 ait
996 2441 1544 2530 *Hieronymus)
1595 2440 1747 2531 legit

48 2604 50 2606 ,
90 2542 321 2633 quidem
359 2544 652 2629 Ecclestcz,
704 2544 790 2610 ad
817 2545 1085 2635 exempla
1117 2545 1297 2621 vitae,
1351 2560 1413 2610 et
1436 2545 1747 2632 forman-

7 2721 11 2724 ζ
92 2646 193 2712 dos
226 2672 419 2714 mores.
439 2675 463 2715 .·
516 2649 644 2715 illos
676 2666 880 2714 tamen
926 2649 1014 2716 ad
1055 2648 1342 2740 dogmata
1378 2649 1749 2736 corgfirman-

23 2818 29 2823 ,
97 2749 176 2818 da
210 2775 327 2818 non
363 2751 636 2833 adhibet,
691 2768 767 2820 ut
791 2757 1002 2845 sunt:

920 2927 1119 2993 Liber
1153 2927 1303 3014 Jesu
1338 2927 1426 2993 fil.
1473 2924 1720 2995 Sirach.

924 3031 1178 3097 Baruch
1213 3031 1560 3122 Propheta.

927 3137 1277 3202 Canticum
1335 3138 1533 3202 trium
1579 3136 1752 3201 Pue-

1015 3262 1256 3306 rorum.

929 3344 1215 3410 Historia
1251 3343 1569 3428 Susannae.

926 3450 1032 3516 De
1066 3448 1180 3515 Bel
1213 3462 1278 3515 et
1310 3449 1631 3516 Dracone.
1710 3519 1720 3524 ,

1530 3564 1759 3632 Oratio

4 2921 266 3011 Tertius
306 2924 465 2991 liber
501 2927 738 2993 Esdrae.

5 3026 293 3112 Qartus
325 3028 484 3094 liber
518 3031 756 3098 Esdrae.

5 3126 205 3196 Liber
238 3133 489 3199 Tobiae.

5 3230 208 3307 Liber
239 3236 495 3322 Judith.

3 3333 365 3431 Reliquum
397 3341 506 3410 lib.
546 3343 802 3413 Hester.

6 3437 207 3509 Liber
240 3443 592 3536 Sapientiae.
711 3524 715 3533 Δ
811 3490 818 3499 1

873 3536 890 3552 Ο
