2248 3996
259 436 374 511 §Dr
408 437 858 523 lamentante.

262 546 528 631 against
574 545 913 627 mmmm.

258 651 530 740 against
571 650 948 724 sseheuion.

237 848 256 874 ¹
291 848 350 896 In
377 848 467 897 hoc
502 845 735 903 Articulo,
756 845 988 910 Doctrina

168 914 220 965 in
252 915 574 964 'Homiliarum
611 914 742 963 libris
769 926 989 961 contenta

165 982 370 1033 afferitur
389 996 550 1032 contra
566 981 892 1038 Romanenses,
910 980 990 1046 qui

163 1050 295 1100 illam
322 1050 564 1116 pravitatis
585 1050 832 1098 Haereticae
855 1049 990 1096 dam·

165 1133 327 1168 narunt
343 1139 360 1177 ς
397 1131 445 1167 et
465 1119 712 1166 earundem
740 1117 788 1166 in
823 1117 990 1165 Eccle-

166 1186 241 1234 fiis
274 1186 486 1235 recitatio
524 1185 805 1250 approbatur
830 1196 991 1233 contra

163 1253 426 1310 Puritanos‚
461 1254 541 1318 qui
561 1253 894 1302 contenderunt
916 1251 991 1300 ni-

166 1321 235 1369 hil
267 1335 434 1386 praeter
466 1322 723 1386 Scripturas
760 1319 906 1367 sacras
941 1319 991 1367 in

91 1387 93 1389 ’
166 1389 383 1437 Ecclefiis
403 1389 490 1436 effe
508 1387 694 1454 publice
718 1386 987 1451 legendum.

91 1459 98 1464 ’
234 1456 501 1521 Whitgift's
523 1454 711 1505 Defens.
734 1456 894 1502 Trac't.
910 1472 934 1502 2
948 1471 963 1502 1
978 1491 989 1503 .

469 284 915 331 nccnnsxffi
999 261 1578 332 Auunci-lua.

1138 843 1327 896 Veritas
1374 857 1531 894 autem
1582 843 1718 908 hujus
1766 845 1899 894 Arti-

1072 914 1167 962 culi
1190 913 1492 978 AEquitasque
1520 930 1581 961 ex
1605 913 1703 978 ipsa
1724 913 1901 961 Homi-

1071 981 1240 1029 liarum
1263 981 1458 1030 lectione
1491 980 1670 1046 optime
1703 981 1904 1046 patebit.

1074 1050 1137 1097 Et
1177 1048 1388 1097 omnium
1433 1047 1644 1114 profeci&
1694 1048 1900 1105 interest,

1073 1133 1236 1164 eorum
1269 1115 1522 1180 praesertim
1558 1116 1637 1180 qui
1673 1113 1901 1164 Articulis

1071 1183 1192 1231 hisce
1209 1183 1504 1249 subscripturi
1525 1183 1642 1239 sunt,
1664 1182 1900 1231 Homilias

1072 1249 1191 1299 seri&
1214 1251 1471 1316 perlegere.
1527 1251 1672 1299 Liber
1688 1263 1812 1299 certe
1834 1251 1901 1298 est

1075 1319 1347 1375 utiliffimus,
1393 1319 1440 1367 in
1492 1335 1586 1383 quo
1638 1316 1906 1367 evolvendo

1071 1403 1305 1452 nunquam
1320 1385 1570 1451 poenitebit
1587 1403 1756 1453 operae,
1774 1385 1904 1453 quasi

1072 1454 1197 1504 male
1221 1455 1473 1506 collocatae.

87 1533 94 1573 ,’
167 1520 406 1573 Hooker’s
431 1525 564 1574 Eccl.
589 1523 690 1572 Pol.
715 1524 750 1571 1.
776 1538 822 1588 5.
861 1529 886 1584 §
908 1540 989 1572 20.

267 1694 515 1754 Homiliae
545 1695 703 1771 suam
756 1692 1052 1754 debirinam
1101 1690 1305 1753 abunde
1348 1692 1610 1770 probant,
1662 1691 1898 1754 Patrum

167 1778 326 1838 etiam
356 1777 672 1853 testimoniis,
696 1782 1086 1871 ‘quotiaeffcunque
1113 1780 1181 1836 iis
1205 1793 1328 1857 opus
1355 1777 1440 1853 est.

640 2067 707 2133 A
753 2066 817 2132 R
868 2066 958 2132 T.
1091 2063 1422 2131 XXXVI.

212 2303 321 2370 De
350 2302 779 2395 Epssoporum
823 2317 886 2371 et
919 2302 1350 2393 Minssrorum
1386 2303 1868 2395 Corficratione.

166 2510 189 2584 ,¹
405 2510 436 2574 Ι
451 2510 500 2574 Β
520 2511 574 2573 E
593 2511 649 2576 L
666 2512 723 2575 L
740 2513 805 2575 U
822 2512 862 2575 S
940 2509 1016 2575 de
1079 2509 1540 2575 consecratione
1617 2510 1898 2576 Archie-

443 2613 847 2703 piscoporum
916 2629 983 2679 et
1046 2614 1536 2704 Episcoporum,
1603 2628 1670 2679 et
1725 2613 1902 2679 ordi-

169 2714 420 2780 natione
484 2718 995 2807 Prelbyterorum
1052 2732 1116 2782 et
1174 2718 1638 2795 Diaconorum,
1695 2719 1905 2783 editus

93 2891 104 2908 ι
167 2839 370 2906 nuper
425 2807 1162 2911 temporibus'Edvardi
1217 2823 1340 2886 VI.
1403 2837 1473 2886 et
1527 2822 1900 2887 aucloritate

168 2919 575 2990 Parliamenti
627 2925 748 2990 illis
801 2925 947 3013 ipfis
1006 2924 1401 3015 temporibus
1454 2925 1897 3003 confirmatuS,

90 3094 94 3102 Ξ
168 3031 192 3056 ⁸
222 3027 437 3090 omnia
490 3028 567 3092 ad
619 3028 927 3117 ejusmodi
981 3027 1539 3118 consecrationem,
1593 3046 1661 3094 et
1724 3030 1896 3094 ordi-
1923 3047 2111 3109 φειδ.
2135 3046 2175 3088 6.

166 3129 489 3195 nationem
551 3131 880 3197 neceffaria
943 3133 1254 3209 continet,
1320 3148 1386 3198 et
1447 3131 1612 3198 nihil
1674 3131 1894 3208 habet,
1921 3103 2163 3216 {biiiiniffss'

91 3231 93 3236 ’
169 3232 344 3318 quod
371 3256 450 3299 ex
481 3234 539 3299 se
570 3237 667 3310 fit,
713 3252 823 3301 aut
873 3236 1389 3325 superstitiosum,
1436 3251 1545 3301 aut
1576 3236 1893 3326 impium:
1926 3223 2044 3306 15⁹⁶?
2063 3212 2181 3251 Tm*

99 3371 102 3374 >
170 3334 382 3423 itaque
440 3341 809 3428 quicunque
862 3339 1051 3428 juxta
1113 3342 1270 3406 ritus
1322 3341 1488 3405 illius
1539 3339 1685 3405 libri
1734 3363 1895 3405 con-

95 3450 98 3459 ‘
171 3435 411 3520 sectati,
445 3458 553 3510 aut
583 3444 850 3511 ordinati
881 3443 1047 3518 sunt,
1098 3445 1179 3510 ab
1213 3467 1378 3512 anno
1425 3443 1697 3510 secundo
1730 3467 1898 3533 prae-

981 3568 1020 3614 F
1064 3571 1100 3639 3
1747 3546 1907 3614 diffi
