2248 3996
584 231 589 234 “
689 221 801 270 AD
846 211 1304 269 'LECTOREM
1357 214 1825 269 PRAEFATm.

357 383 518 470 lem,
562 405 703 460 tam
747 387 1161 460 necessariam
1194 387 1470 460 minime
1517 372 1947 460 ἂὲῐτεὲὶεὼίε.
1999 302 2154 484 ⁴Ego

358 498 506 568 sane
541 522 691 566 eam
725 498 849 568 tibi
883 511 1274 590 praereptam
1305 519 1735 599 nequaquam
1768 497 2034 565 vellem.

2188 0 2248 295 ’1

2236 303 2248 399 ξ

2239 416 2248 478 i

461 606 790 695 Qamvis
851 617 1073 671 autem
1127 603 1464 674 Articulos
1526 605 1733 674 Sacrae
1803 598 2152 695 Scripturae
2244 590 2248 670 J

357 712 651 780 textibus
699 708 1103 778 confirmaffe
1150 735 1368 778 revera
1409 709 1708 790 sufficiat,
1755 727 1822 779 et
1863 708 2153 777 humana
2243 736 2248 775 ·:

359 817 728 886 testimonia
763 816 1155 910 supervacua
1187 819 1313 885 fint
1345 816 1462 884 ubi
1490 815 1849 912 suppetunt
1889 816 2150 896 divina;
2236 800 2248 878 ⁴?

363 926 675 1019 quoniam
725 948 877 991 vero
925 925 1004 991 de
1060 924 1495 1015 liquidiffimis
1543 926 1750 992 Sacrae
1803 925 2155 1016 Scripturae

361 1035 651 1100 textibus
673 1030 819 1099 lites
853 1047 1160 1099 moveant
1186 1030 1566 1099 maleferiati
1595 1029 1923 1110 hominm,
1945 1045 2012 1098 et
2034 1050 2155 1096 nos

366 1127 778 1233 Scripturas
762 1164 827 1211 m
863 1141 1221 1231 perniciem
1251 1139 1536 1208 nostram
1568 1136 1955 1230 detorquere
1986 1133 2153 1204 affe-

366 1261 511 1313 rant
590 1246 1057 1328 R01nanense§‚
1127 1247 1366 1338 aliique
1431 1246 1791 1316 Haeretici:
1883 1246 2157 1311 Patrum

364 1354 566 1419 etiam
615 1353 1209 1445 antiquiffimorum
1259 1353 1630 1421 testimonia
1664 1351 1930 1444 fingulis
1963 1350 2155 1418 Arti-

365 1458 529 1526 culis
583 1459 972 1550 subjungere
1028 1460 1242 1528 visum
1294 1460 1412 1537 est,
1469 1475 1545 1527 ut
1603 1459 2024 1527 manifestum
2078 1457 2157 1525 s1t

364 1565 734 1634 Ecclefiam
770 1567 1196 1659 Anglicanam
1231 1564 1359 1634 una
1384 1591 1543 1634 cum
1577 1566 1659 1634 iis
1692 1567 1772 1633 de
1811 1566 2156 1656 Religione

365 1669 623 1751 sentire,
691 1673 1102 1764 eandemque
1167 1673 1524 1741 doetrinam
1593 1694 1772 1740 nunc
1839 1671 2157 1763 temporis
2245 1684 2248 1686 ’

364 1779 537 1845 tueri
600 1804 805 1873 quam
871 1780 1033 1847 olim
1101 1782 1409 1873 primaeva
1476 1779 1792 1847 Ecclefia.
1930 1777 2160 1845 Habes

365 1878 593 1977 igitur,
643 1889 738 1955 mi
771 1888 1068 1977 JuveniS,
1123 1888 1344 1955 Patres
1380 1889 1582 1954 trium
1617 1889 1985 1979 primorum
2025 1887 2159 1953 Sae-

369 1992 677 2060 culorum
735 1994 1052 2062 Articulis
1119 1995 1351 2062 nostris
1409 1993 1828 2086 suffragantes
1854 2024 1879 2071 5
1961 1994 2163 2059 unico

368 2099 744 2193 Augzstino,
781 2101 899 2168 ubi
931 2101 1005 2168 hi
1050 2101 1434 2178 deficerent,
1471 2104 1538 2168 in
1574 2099 1928 2168 subfidium
1963 2096 2162 2166 semel

367 2222 627 2284 vocato,
663 2208 913 2328 idque
896 2233 964 2274 m
1000 2232 1065 2275 re
1101 2233 1336 2301 parum
1372 2207 1802 2275 controversa.
1871 2209 2161 2274 Caeteros

374 2314 689 2403 iequioris
734 2316 854 2382 aevi
902 2315 1199 2382 consult&
1246 2317 1455 2393 omifi,
1492 2317 1807 2407 quoniam
1852 2314 1916 2380 id
1953 2313 2163 2379 solum

373 2419 542 2488 mihi
563 2436 698 2488 erat
731 2422 1166 2515 propofitum,
1205 2423 1511 2490 Ecclefiae
1536 2422 1765 2489 nostrae
1799 2403 2178 2489 doetrinam

374 2527 885 2618 antiquiffimam
911 2529 1055 2607 effe,
1089 2528 1218 2598 hoc
1253 2529 1369 2607 est,
1406 2553 1639 2622 puram
1671 2544 1902 2621 putam
1931 2526 2159 2594 Chris-

376 2635 649 2713 tianam,
686 2636 1002 2729 probare3
1055 2638 1231 2728 quod
1275 2651 1342 2704 et
1375 2660 1455 2703 ex
1488 2636 1695 2702 allatis
1733 2633 2160 2703 Testimoniis

376 2766 485 2808 me
531 2740 679 2808 satis
738 2743 1140 2810 abundanter
1190 2741 1407 2810 feciffe
1458 2739 1822 2834 plurimum
1873 2740 2162 2808 confido.

376 2849 601 2915 Multa
634 2850 910 2940 quidem
943 2850 1064 2921 alia
1093 2851 1327 2917 eodem
1361 2849 1708 2941 speffimntia
1741 2851 1807 2916 in
1846 2862 2164 2941 promptu

376 2953 629 3034 habe03
680 2957 796 3024 ista
849 2974 1069 3024 autem
1117 2957 1699 3050 impraesentiarum
1743 2955 1924 3024 miffa
1966 2953 2162 3032 facio,
2246 3020 2248 3027 .

380 3060 504 3128 tibi
537 3061 678 3153 ipfi,
715 3066 816 3131 uti
849 3064 988 3155 spes
1042 3064 1157 3142 est,
1208 3063 1371 3131 olim
1405 3063 1790 3154 colligenda.
1892 3064 1975 3130 In
2022 3062 2162 3128 Ve-

376 3183 598 3234 terum
636 3169 915 3238 leetione
965 3170 1101 3262 qub
1150 3172 1359 3261 magis
1412 3169 1782 3248 versaberiS,
1829 3166 1910 3237 eb
1953 3166 2162 3258 magis
2208 3163 2215 3169 ’

383 3273 506 3340 tibi
537 3275 717 3341 cordi
748 3279 871 3344 erit
906 3277 1198 3345 Ecclefia
1230 3276 1637 3369 Anglicana.-

477 3382 712 3448 Unum
734 3381 951 3451 adhuc
985 3384 1178 3452 restat
1202 3383 1282 3450 de
1309 3407 1442 3475 quo
1469 3398 1532 3450 te
1552 3404 1884 3458 moneam,
1920 3400 2165 3470 nempe

383 3485 666 3556 Librum
720 3488 902 3558 hunc
961 3490 1415 3605 Articulorum
1468 3488 1734 3582 publica
1782 3486 2171 3574 auctoritate

1914 3589 2166 3658 editum
