2248 3996
403 776 592 852 AD
700 767 1511 851 LECTOREM

245 1090 1755 1202 PRAEFATIO„

102 1412 133 1421 ⁸
280 1428 354 1496 N
386 1427 537 1504 tibi,
566 1429 660 1494 mi
692 1426 955 1517 Juvenis
992 1425 1330 1501 cariffime,
1361 1423 1689 1492 Articulos
1720 1425 1839 1491 Fi-

319 1533 417 1598 dei
453 1549 518 1597 et
552 1533 929 1623 Religioni8‚
975 1531 1211 1621 quibus
1250 1530 1646 1620 jamdudum
1681 1531 1839 1595 Ma-

88 1637 332 1705 triculae
381 1638 824 1704 Univerfitatis
878 1637 1232 1702 inserendus
1279 1661 1396 1726 pro
1453 1660 1630 1702 more
1686 1635 1841 1701 sub-

92 1742 410 1832 scripfisti,
475 1744 710 1808 iterum
774 1744 1160 1832 iterumque,
1228 1741 1271 1806 fi
1333 1743 1511 1806 Deus
1571 1741 1839 1817 dederit,

90 1845 578 1938 subscripturus,
630 1847 831 1938 Qod
855 1863 929 1912 ut
962 1869 1116 1912 curn
1131 1845 1379 1934 judicio
1412 1846 1478 1910 in
1512 1846 1845 1937 posterum

90 1949 283 2017 facias
348 1955 638 2041 expectat
702 1952 868 2021 alma
932 1952 1150 2034 Mater
1208 1951 1581 2027 Academia,
1642 1967 1727 2025 et,
1798 1952 1846 2018 fi

94 2058 314 2122 Sacros
364 2057 703 2147 aliquando
760 2057 1038 2123 Ordines
1087 2056 1409 2134 ambieriS‚
1461 2079 1615 2122 cum
1667 2058 1847 2123 Eru-

20 2248 24 2252 ‚
94 2159 336 2232 ditione
385 2162 581 2228 etiam
622 2163 832 2228 sancta
876 2163 1094 2228 Mater
1134 2162 1441 2227 Ecclesia.
1579 2165 1848 2228 Utcun-

96 2287 221 2353 que
255 2267 355 2343 fit,
406 2268 717 2333 Articulis
755 2264 926 2333 hisce
971 2283 1034 2333 te
1080 2290 1338 2357 operam
1382 2267 1528 2333 dare
1570 2282 1849 2358 oportet,

96 2370 211 2435 nisi
266 2371 338 2436 iis
383 2372 767 2438 subscribere
817 2396 959 2462 quae
1010 2395 1239 2462 parum
1283 2371 1586 2462 intelligis
1629 2372 1851 2447 libeat,

98 2475 276 2562 quod
335 2475 597 2564 ingenui
649 2500 778 2542 non
843 2477 934 2543 est
997 2479 1219 2544 animi.
1323 2479 1417 2543 At
1481 2479 1850 2544 memineris

99 2578 308 2668 quaeso
353 2581 740 2670 implicitam
791 2581 987 2647 fidem
1034 2583 1112 2648 ab
1165 2581 1448 2649 Ecclefia
1486 2583 1855 2673 Anglicana

99 2683 471 2773 improbari.
540 2688 639 2751 Ut
674 2686 793 2752 tibi
824 2687 1023 2777 igitur
1046 2686 1167 2753 hac
1199 2710 1279 2753 ex
1312 2703 1491 2778 parte
1524 2689 1851 2776 Quodam·-

30 2826 38 2833 ·
101 2789 298 2853 modo
323 2789 709 2868 inservirem,
748 2792 1078 2859 Articulos
1113 2793 1294 2859 edere
1325 2793 1533 2859 visum
1565 2792 1657 2859 est
1690 2816 1852 2859 con-

99 2894 478 2981 gruentibus
533 2897 732 2962 Sacrae
785 2899 1125 2987 Scripturae
1179 2896 1503 2963 Textibus
1539 2900 1851 2974 munitm,

103 3012 169 3062 et
203 2998 482 3064 Notulas
527 3000 830 3088 quasdam
862 3003 1192 3092 subjicere,
1232 3003 1292 3068 in
1332 3002 1568 3090 quibus
1605 3003 1855 3069 summa

101 3117 358 3167 tantum
381 3127 604 3170 rerum
646 3108 858 3195 capita
900 3109 1087 3196 attigi
1108 3138 1129 3184 3
1180 3107 1475 3183 Le-&ore,
1513 3110 1628 3197 qui
1673 3108 1857 3197 plura

105 3205 500 3284 desiderabit,
528 3210 607 3275 ad
639 3209 1004 3283 clariffimos
1038 3211 1339 3278 Ecclefiae
1374 3209 1598 3278 nostrae
1622 3212 1855 3278 Theo-

7 3311 9 3315 ’
106 3308 311 3399 logOS,
350 3313 462 3401 qui
495 3309 640 3379 loca
667 3317 905 3405 quaevis
942 3314 1139 3382 fufius
1172 3318 1544 3394 tractarunt,
1581 3317 1858 3383 remiflb.

55 3437 59 3442 ’
110 3414 349 3503 Neque
400 3417 574 3484 enim
629 3418 681 3486 is
732 3418 895 3498 sum,
956 3423 1072 3510 qui
1122 3442 1358 3487 novam
1401 3421 1862 3491 'Articulorum

109 3517 596 3610 Expofitionem
626 3523 839 3590 moliri
863 3526 1096 3604 ausim,
1134 3525 1288 3592 adeo
1323 3526 1685 3615 periculosae
1716 3526 1860 3617 ple-
1918 3554 1921 3555 ⁷

910 3650 963 3696 A
1003 3652 1039 3698 2
1699 3653 1862 3698 num
