2248 3996
43 258 190 341 x3²³

211 511 266 545 Χ.

837 243 1121 316 xxxix'
1166 243 1731 314 ”Aizi-tcons-
1803 251 1869 282 *⁷

133 441 170 476 Α
215 444 247 476 ¹²
290 437 348 476 '¹‘-
391 401 870 525 praeveniente,
896 443 976 497 ut
1022 426 1350 497 velimus·
1330 457 1351 508 3
1417 442 1487 496 et
1516 414 1978 520 cooperante,
1982 424 2176 500 dum

389 535 722 616 volumuS,
773 535 854 603 ad
903 515 1161 629 pietatis
1211 557 1404 627 opera
1452 530 1769 612 facienda,
1820 556 1965 625 quae
2009 534 2166 602 Deo

389 661 574 739 grata
605 642 779 722 sunt,
828 655 896 709 et
929 655 1224 735 accepta,
1273 638 1439 708 nihil
1471 641 1783 709 valemus.

463 857 481 879 ¹
519 851 782 901 Hominem
817 850 997 909 creavit
1028 850 1161 900 Deus
1185 849 1259 900 in·

392 920 474 972 suo
510 937 682 986 genere
723 921 983 987 perfeetum
1011 933 1061 968 et
1083 921 1255 971 libero'

391 992 457 1041 ad
483 993 660 1040 bonum
687 1008 820 1057 aeque
852 1008 906 1040 ac
940 991 1123 1040 malum
1160 1007 1237 1040 ar-

392 1061 560 1111 bitrio.
638 1060 733 1109 Sed
777 1077 839 1109 ex
881 1061 972 1109 hac
1012 1059 1238 1109 libertate

390 1131 562 1180 Homo
593 1130 644 1179 in
679 1142 928 1196 peccatum
963 1129 1118 1196 lapsus
1152 1128 1239 1178 de-

393 1200 535 1259 cidit,
573 1199 779 1249 Arbitrii
816 1199 886 1249 sui
924 1199 1047 1262 vises
1089 1200 1235 1248 infre-

391 1270 489 1336 git,
549 1268 706 1336 quoad
753 1269 929 1318 bonum
955 1268 1101 1336 ·liber
1147 1269 1239 1318 effe

395 1339 551 1396 desiit,
625 1351 673 1387 et
732 1340 879 1388 factus
941 1340 1005 1388 est
1066 1339 1239 1387 Servus

391 1409 598 1476 peccati.
675 1408 863 1457 Exinde
904 1408 1032 1458 enim
1075 1425 1132 1457 ea
1174 1409 1240 1457 est

396 1478 592 1534 humani
629 1479 901 1528 Intellectus
937 1477 1145 1533 caecitaS,
1180 1494 1240 1526 ea

396 1548 675 1598 Voluntatis
737 1548 1038 1613 perversitas,
1111 1546 1241 1613 isque

396 1619 663 1668 Paffionum
706 1618 1100 1684 appetituumque
1145 1617 1239 1665 im-

393 1702 553 1754 petus,
604 1701 656 1736 ut
705 1689 871 1736 Homo
919 1686 1006 1735 fibi
1051 1686 1242 1735 relictus

396 1776 548 1824 neque
602 1774 796 1806 cernere
853 1773 1007 1823 neque
1057 1755 1243 1822 eligere

395 1829 530 1895 poffit
567 1845 624 1876 ea
665 1827 770 1893 quae
802 1844 915 1876 vere
954 1827 1091 1875 bona·
1117 1826 1242 1882 sunt,

396 1898 476 1946 sed
503 1897 547 1946 in
568 1897 806 1947 contraria
831 1896 1057 1963 rapiatur.
1107 1897 1242 1960 Qa-

395 1986 447 2017 re
499 1968 750 2035 Apostolus
806 1968 871 2016 ait
928 1981 1006 2014 eos
1058 1965 1140 2030 qui
1195 1964 1244 2013 in

397 2055 540 2088 carne
588 2037 709 2095 sunt,
757 2038 868 2087 Deo
914 2035 1102 2102 placere
1147 2052 1247 2083 non

397 2108 547 2176 posse,
589 2109 734 2156 Rom.
762 2112 808 2156 8.
843 2110 889 2155 8.
950 2104 1082 2154 Hinc
1107 2103 1245 2154 nobis

399 2195 521 2244 opus
545 2178 609 2226 est
641 2176 702 2225 ad
726 2193 865 2225 omne
891 2174 1066 2224 bonum
1097 2175 1244 2223 Sanc-

402 2249 444 2299 ti
481 2246 682 2312 Spiritus
707 2245 899 2294 auxilio.
965 2242 1111 2309 Qod
1135 2259 1245 2292 cum

400 2316 837 2366 excellentiffimum
858 2315 912 2362 fit
929 2314 1028 2363 Dei
1046 2313 1107 2361 dc
1111 2330 1244 2369 num

402 2385 642 2473 gratisque
687 2385 870 2440 datum,
933 2385 1106 2433 Gratia
1148 2381 1248 2431 κάτ

403 2459 468 2516 ἔξω
451 2479 552 2520 οχην
537 2455 767 2505 νεὶίςίῐιιῑ.
830 2456 895 2503 Et
918 2453 1035 2502 nulli
1053 2452 1247 2518 quidem

401 2526 556 2646 §.lgeffe
596 2525 805 2582 videtur,
855 2522 939 2590 qui
985 2539 1081 2572 non
1122 2521 1250 2571 deest

422 2615 437 2645 1
473 2614 489 2644 1

474 2667 672 2715 2B0nis
695 2663 912 2730 operibus.
951 2665 1117 2730 Opera
1140 2674 1263 2711 ante·

406 2735 618 2802 gratiam
669 2734 845 2786 Christi
893 2728 1017 2781 facta
1069 2732 1251 2799 possunt

402 2804 645 2871 quandam
681 2804 795 2853 boni
830 2802 1036 2870 speciem
1072 2820 1170 2867 prae
1206 2800 1250 2849 se

405 2877 552 2931 serre,
591 2872 715 2922 unde
752 2873 865 2922 bona
889 2871 1129 2928 dicuntur,
1170 2869 1250 2919 sed

402 2943 686 3011 improprie.
746 2943 879 2993 Bona
919 2940 1050 2991 enim
1079 2956 1249 2991 revera

403 3030 500 3065 non
525 3012 643 3062 sunt.
679 3031 727 3061 v.
750 3012 858 3064 Art.
883 3027 964 3077 ¹3·

479 3085 499 3114 3
532 3083 688 3147 Qare
733 3080 895 3147 absque
934 3084 1101 3147 gratia
1138 3081 1248 3138 Dei,

408 3156 499 3202 διε.
562 3155 733 3218 Neque
767 3150 896 3199 enim
919 3149 1111 3198 credere
1134 3149 1248 3215 pos-

407 3221 562 3271 sumus
610 3221 695 3271 nifi
738 3221 870 3270 Deus
917 3219 1100 3284 aperiat
1140 3236 1248 3269 cor-

409 3293 492 3348 da,
539 3292 650 3346 Aet.
678 3290 728 3343 6.
768 3306 845 3358 14.
904 3304 1057 3359 neque
1098 3289 1245 3346 velle,

1323 866 1476 916 neque
1521 863 1688 928 agere,
1727 845 1830 896 nist
1854 845 1937 896 ille
1978 855 2168 895 utrum-

1322 936 1416 986 que
1454 918 1505 968 in
1550 917 1707 970 nobis
1733 928 1972 983 operetur.
2034 914 2163 966 Phil.
2196 976 2198 978 Ι
2241 945 2243 962 1

1326 1005 1466 1053 2.13

1394 1054 1604 1108 Nowelli
1644 1041 1848 1107 Catech.
1901 1071 2018 1122 pag.
2053 1069 2166 1119 104.

1323 1125 1650 1177 Hammond’s
1686 1125 1845 1175 Praei.
1889 1125 2002 1174 Cat.
2045 1124 2083 1173 1.
2114 1140 2164 1190 ς.
2236 1163 2238 1169 ,

1329 1203 1423 1261 §4.
1460 1197 1613 1246 Wall'
1617 1214 1637 1245 s
1661 1195 1784 1245 Hist.
1813 1194 1874 1244 of
1900 1193 2000 1243 Inf.
2022 1194 2166 1260 Bapt.
2236 1230 2245 1254 2.

1325 1279 1432 1333 part
1463 1283 1505 1315 1.
1544 1283 1587 1315 c.
1611 1282 1690 1332 19.
1736 1263 1988 1314 Prideaux
2030 1262 2167 1314 Fasc.
2175 1269 2178 1272 ’
2242 1285 2245 1290 ·

1327 1339 1500 1386 Contr.
1520 1337 1582 1384 C.
1602 1353 1649 1401 3.
1674 1336 1803 1401 Q4.
1830 1332 2195 1384 Hall'sRoma
2242 1372 2245 1394 ,

1325 1405 1599 1455 Irreconcil.
1639 1408 1740 1468 §8.
1809 1402 1948 1454 Field
1987 1403 2048 1453 of
2088 1403 2171 1452 the
2236 1446 2239 1453 .

1327 1475 1539 1533 Church‚
1563 1493 1614 1541 p.
1631 1479 1748 1524 281.
1788 1472 1992 1524 Pearson
2009 1489 2070 1523 on
2087 1472 2171 1522 the
2198 1472 2205 1504 '·
2236 1480 2240 1538 f

1326 1544 1508 1601 Creed‚
1532 1563 1583 1611 p.
1611 1553 1727 1610 327.
1803 1555 1806 1558 ⁴
2192 1566 2196 1570 ·
2236 1571 2241 1574 -

1396 1617 1421 1646 4
1453 1615 1667 1680 Qaeper
1686 1615 2008 1681 Chrssumss.
2046 1613 2171 1662 Om-
2236 1675 2237 1678 Ἴ

1327 1684 1407 1733 nia
1456 1684 1735 1751 Spiritualia
1773 1683 2025 1741 beneficia,
2063 1698 2198 1750 quae.
2236 1680 2240 1715 ³

1331 1754 1464 1803 Deus
1487 1755 1536 1803 in
1571 1754 1788 1805 homines
1829 1752 2048 1810 contulit,
2083 1769 2172 1818 per
2200 1795 2203 1818 s
2236 1774 2241 1790 «-

1330 1839 1378 1873 et
1405 1836 1596 1891 propter
1615 1823 1856 1873 Christum
1882 1822 2030 1872 solum
2053 1838 2171 1881 con-

1330 1894 1459 1963 tulit.
1490 1894 2006 1960 QapropterVeteres
2024 1891 2173 1942 etiam

1331 1976 1562 2031 quotquot
1575 1965 1685 2013 Deo
1703 1963 1981 2029 placuerunt
2010 1961 2210 2028 (quos-
2236 1965 2245 2014 ἒ-

1331 2033 1444 2081 dam
1483 2047 1640 2083 autem
1677 2050 1737 2082 ex
1768 2032 2024 2082 Veteribus
2060 2030 2174 2083 Deo
2196 2027 2206 2061 ‘³
2236 2055 2245 2084 ε,

1331 2103 1556 2168 placuifl‘e
1581 2104 1778 2159 constat,
1803 2102 1958 2151 Hebr.
1987 2118 2066 2152 11.
2094 2101 2204 2168 ς.)·
2236 2119 2241 2132 ⁵

1332 2171 1386 2222 id
1410 2173 1622 2223 fecerunt
1645 2188 1740 2221 non
1762 2171 1947 2238 proprii
1969 2169 2176 2221 Arbitrii
2199 2185 2201 2187 ’
2235 2184 2245 2238 3}

1330 2242 1532 2300 viribus,
1570 2242 1650 2290 sed
1683 2241 1839 2308 gratia
1874 2240 1971 2290 Dei
2003 2239 2174 2304 adjuti,
2235 2242 2241 2303 ζ

1331 2329 1436 2378 quae
1472 2324 1583 2362 tunc
1608 2311 1752 2361 etiam
1776 2323 1876 2360 erat
1899 2312 1994 2377 perv
2010 2306 2173 2360 Chris-
2236 2315 2241 2379 ξ

1333 2393 1451 2431 tum.
1522 2381 1619 2431 Hic
1664 2380 1795 2430 enim
1840 2380 2020 2430 meritis
2082 2378 2202 2428 suis
2236 2390 2245 2444 -Ῐ

1332 2469 1496 2501 omnes
1550 2450 1717 2501 mundi
1774 2461 1936 2499 aetates
1994 2448 2176 2508 affecit,
2236 2446 2245 2514 ᾖ

1331 2521 1537 2588 ideoque
1579 2521 1753 2571 dicitur
1785 2521 1954 2585 Agnus
1992 2519 2176 2568 maesta-
2237 2519 2244 2534 ⁶

1335 2604 1407 2641 tus
1441 2591 1470 2642 ὲ
1500 2590 1638 2655 jactis
1680 2588 1850 2639 mundi
1887 2588 2199 2645 fundamen-A
2236 2607 2245 2636 ι’

1335 2661 1413 2710 tis.
1467 2663 1624 2726 Apoc.
1657 2675 1734 2724 ¹3.
1772 2663 1818 2709 8.
1890 2658 1988 2708 Hic
2027 2658 2176 2708 etiam
2236 2664 2244 2704 λ

1339 2729 1580 2780 Articulus
1608 2729 1893 2795 Pelagianos
1922 2727 2053 2786 ferit,
2091 2727 2177 2794 qui
2236 2738 2240 2786 ἴ

1336 2801 1617 2850 asseruerunt
1673 2798 1887 2849 homines
1945 2797 2175 2847 naturali·
2236 2811 2244 2863 ᾗ

1336 2870 1424 2919 bus
1467 2868 1556 2918 suis
1598 2867 1778 2918 viribus
1824 2867 1930 2916 satis
1973 2868 2064 2916 effe
2099 2866 2175 2916 in·
2236 2864 2244 2899 ἶ

1338 2940 1531 2990 structos
1573 2938 1634 2988 ad
1667 2938 1793 2987 bona
1827 2953 1972 3003 opera
1992 2936 2175 2984 facien-
2238 2992 2242 2994 ,

1333 3009 1415 3066 da,
1466 3022 1514 3058 et
1555 3007 1763 3073 gratiam
1804 3007 1920 3063 Dei,
1966 3005 2060 3071 qua
2098 3005 2175 3054 fa·
2238 3006 2243 3022 ³

1333 3078 1471 3129 cilius
1528 3077 1628 3141 ejus
1677 3075 1798 3140 jussa
1855 3074 2174 3130 observemus,
2241 3106 2244 3118 .

1333 3146 1592 3199 secundum
1641 3145 1811 3195 merita
1856 3145 2007 3195 nostra
2051 3143 2180 3218 dari2

1331 3235 1380 3268 v.
1410 3215 1660 3286 Augustin.
1685 3215 1746 3264 de
1767 3215 1901 3266 Haer.
1934 3230 1975 3264 c.
1999 3217 2082 3265 88.

1857 3615 2176 3679 CLEMENS
2241 3697 2243 3711 Ι
