2248 3996
1988 0 2075 26 &Nn

869 217 1700 289 xxxix·1ln·r1cu1.r
2232 219 2248 303 ζ

478 378 503 406 ²
538 375 714 427 Unitas
761 377 991 445 probatur
1035 394 1099 426 ex
1137 371 1240 446 ipsa

390 447 490 497 Dei
515 460 702 504 natura,
738 465 844 514 quae
878 446 1238 498 multitudinem

387 533 486 565 non
511 515 707 582 patitur,
740 533 800 566 eo
835 515 963 583 quod
995 518 1060 567 est
1082 516 1241 583 prima

388 602 550 635 rerum
610 582 822 635 omnium
887 586 1062 645 Causa,
1122 587 1236 636 ulti-

387 653 583 721 musque
630 655 783 711 Finis,
827 653 1015 704 infinite
1050 655 1239 722 insuper

388 725 624 791 pei-festus
649 731 687 783 :l
701 723 820 772 unde
843 724 876 772 fi
893 726 1052 790 plures
1071 726 1237 782 essent,

389 794 511 843 alter
545 794 747 842 alterum
785 795 931 859 poffet
955 793 1236 859 producere,

349 864 505 932 vquin
563 875 612 910 et
669 861 920 928 impedire.
965 863 999 916 2
1031 863 1235 912 Proinde

390 949 499 980 cum
539 933 676 981 Unus
712 932 926 989 sufficiat,
966 950 1120 998 neque
1155 933 1235 982 hic

388 1018 543 1067 neque
603 1001 685 1049 ille
753 1004 864 1051 esset
912 1002 1231 1063 ⁴necessarius.

388 1070 524 1120 Deus
567 1084 726 1120 autem
775 1073 838 1121 est
888 1073 983 1120 Ens
1031 1073 1236 1122 neceffa-

389 1139 535 1196 rium,
562 1141 718 1190 Exod.
747 1159 794 1205 3.
822 1159 897 1204 14.

1325 372 1486 440 autern
1529 381 1593 431 est
1639 379 1879 432 immensae
1922 361 2197 451 potentiis

1323 451 1419 500 me
1441 450 1588 508 enim,
1613 449 1643 498 ὲ
1660 467 1755 516 quo
1773 451 1927 501 omnis
1951 453 2174 519 potentia
2244 463 2248 502 ἱ

1322 517 1491 575 oritur,
1533 520 1856 585 Omnipotens
1897 521 1951 570 fit
1990 523 2173 572 necesse
2243 570 2248 575 .

1322 589 1407 638 est.
1481 589 1544 638 Et
1588 590 1621 638 fi
1657 588 1775 656 quid
1813 589 1926 640 Deo
1962 591 2177 641 reststete‘

1322 658 1487 724 poffet,
1525 659 1603 708 vel
1642 675 1703 710 ex
1743 658 1787 707 se
1828 659 1962 710 istam
1996 674 2168 726 poten-

1322 727 1437 775 tiam
1463 727 1677 784 haberet,
1702 729 1902 794 proinde
1933 731 2044 778 esset
2069 729 2169 796 ipse

1321 795 1475 852 Deus,
1517 793 1601 846 vel¹
1633 814 1691 845 ex
1733 798 1851 854 alio,
1893 797 1921 847 ὲ
1955 799 2066 848 Deo
2105 798 2168 848 sc.

1321 864 1649 926 Undeautem
1674 867 1807 925 Deus
1831 867 1967 920 daret
1995 883 2169 934 poten-

1320 933 1439 983 tiam
1459 934 1651 1001 propria
1675 935 1904 998 majorem
1925 940 1944 985 ?

1391 1005 1543 1070 Angl.
1586 1006 1790 1054 Without
1816 1018 1953 1072 parts
1986 1027 2036 1055 or
2056 1011 2169 1072 past

1305 1074 1443 1138 stans.
1529 1073 1586 1122 In
1641 1074 1897 1139 Scripturis
1943 1075 2168 1142 equidem

1323 1142 1567 1202 Membra,
1605 1144 1733 1197 oculi,
1773 1143 1832 1192 sc.
1871 1163 2045 1206 manus,
2074 1150 2168 1196 &c-

459 1209 666 1259 Pearson
705 1210 756 1259 in
801 1210 1023 1276 Symbol.
1065 1211 1301 1289 Apostfim
1322 1212 1392 1260 uti
1420 1227 1467 1261 et
1507 1213 1758 1269 Paffiones,
1785 1200 1868 1262 ex.
1905 1231 1977 1281 gr.
2007 1215 2167 1273 Amor,

389 1278 498 1328 Art.
525 1296 567 1329 1.
602 1278 852 1328 Wilkins's
866 1282 1162 1332 Nat.Re1.1.
1192 1297 1234 1330 1.

386 1365 431 1398 c.
456 1352 500 1400 8.
543 1348 739 1398 Grotius
762 1348 820 1398 de
842 1352 958 1400 Ver.
990 1352 1098 1399 Rel.
1127 1351 1161 1399 l.
1188 1367 1231 1400 1.

389 1434 434 1467 c.
502 1455 514 1468 .

466 1436 498 1518 3³
538 1490 782 1537 AEtermts.
883 1488 1125 1555 Qoniam
1173 1490 1238 1537 est

386 1557 544 1622 prima
586 1558 757 1616 Causa,
803 1575 907 1623 quae
955 1574 1005 1607 ut
1047 1561 1122 1607 vel
1171 1559 1234 1607 ab

387 1626 483 1675 alia
529 1628 676 1682 causa,
726 1628 802 1675 vel
852 1627 1003 1676 nihilo
1055 1628 1232 1692 produ-

386 1711 538 1753 catur,
564 1696 845 1762 impossibile
871 1697 947 1745 est.
1025 1698 1084 1745 ld
1119 1716 1233 1748 vero

384 1765 514 1831 quod
531 1766 703 1831 absque
723 1766 858 1814 causa
876 1767 961 1823 est,
987 1783 1045 1815 ex
1066 1766 1110 1814 se
1136 1769 1227 1826 est;

383 1835 514 1901 quod
540 1853 598 1884 ex
623 1837 666 1884 se
692 1837 775 1891 est,
811 1853 1055 1902 nunquam
1081 1838 1231 1903 potest

385 1923 479 1954 non
504 1906 711 1985 effeqqf,
730 1908 1028 1967 damst,
1045 1904 1121 1950 26.

467 1974 724 2024 Wilkins’s
768 1975 888 2023 Nat.
939 1975 1048 2023 Rel.
1099 1976 1132 2027 I.
1189 1994 1230 2027 1.

385 2060 431 2092 c.
456 2047 501 2093 8.
541 2043 742 2094 Grotius
765 2044 823 2093 de
850 2045 967 2094 Ver.
990 2046 1100 2094 Rel.
1128 2046 1161 2094 l.
1193 2063 1233 2095 1.

387 2130 431 2164 c.
462 2113 511 2163 6.

477 2188 502 2216 4
537 2185 835 2250 Incorporeus.
893 2183 930 2234 i.
975 2203 1016 2234 e.
1059 2184 1234 2234 imma-

387 2253 568 2302 terialis
615 2260 658 2302 Sc
715 2254 933 2319 Spiritus.
1032 2255 1234 2321 Spiritus

387 2323 515 2371 enim
540 2324 853 2372 excellentior
874 2327 938 2372 est
977 2325 1190 2389 Corpore
1213 2345 1229 2383 ;

383 2410 530 2458 quare
591 2394 623 2442 fi
683 2393 817 2442 Deus
860 2394 970 2442 effet
1019 2395 1225 2460 Corpus,

384 2463 587 2529 Angelis
618 2463 971 2528 'Animabusque
1007 2464 1226 2512 humanis

383 2533 495 2581 effet
519 2532 798 2598 ignobilior.
839 2534 1091 2590 Praeterea‚
1114 2536 1226 2582 Ma-

381 2602 503 2650 teria
544 2602 696 2651 omnis
734 2603 796 2650 est
834 2620 892 2650 ex
931 2602 972 2650 se
1010 2603 1134 2651 iners
1184 2608 1226 2650 δε

382 2671 547 2728 otiosa,
575 2688 659 2719 nec
682 2685 920 2727 movetur,
944 2672 1023 2720 nifi
1050 2674 1119 2721 ab.
1134 2673 1228 2721 alio

386 2741 441 2789 fit
467 2755 614 2790 mota.
686 2741 818 2790 Deus
855 2754 1013 2790 autem
1049 2742 1230 2808 primus

382 2811 447 2860 est
472 2823 647 2859 motor.

439 2882 457 2910 ⁵
483 2880 806 2945 Impartibilis.
844 2879 1073 2929 Partibile
1100 2880 1230 2931 enim

381 2966 526 2998 omne
553 2951 694 2998 habet
711 2965 868 3016 partes
894 2964 1028 2998 extra
1051 2967 1227 3017 partes,
1258 3005 1264 3010 Δ

380 3019 586 3087 proinde
623 3021 685 3068 est
721 3019 959 3068 extensum
999 3025 1040 3067 Sc
1076 3039 1227 3086 quan-

382 3103 484 3137 tum
505 3108 518 3146 ;
556 3106 699 3154 porro
737 3106 881 3154 quum
918 3103 1096 3154 quanta
1132 3109 1227 3140 non

379 3157 426 3206 se
457 3158 665 3207 invicem
693 3170 960 3223 penetrent,
993 3159 1127 3209 Deus
1152 3159 1226 3208 in-

381 3227 564 3284 finitus,
604 3227 636 3275 fi
661 3240 861 3292 quantus
896 3228 1023 3283 effet,
1061 3229 1225 3277 omnia

380 3297 489 3345 loca
503 3297 753 3362 impleret,
778 3296 898 3346 adeo
923 3310 973 3347 ut
997 3298 1118 3347 nulli
1139 3298 1226 3348 alii

381 3366 591 3430 Corpori
610 3367 721 3413 effet
744 3366 893 3415 locus.

447 3431 470 3459 ⁶
493 3434 797 3499 Impaffibilis.
873 3436 1118 3502 Qicquid
1135 3453 1224 3504 pa-

348 3502 518 3559 2titur‚
557 3503 585 3551 a
622 3505 666 3552 se
705 3505 899 3553 fortiore
937 3508 1136 3572 patitur,
1180 3513 1225 3555 δε

380 3573 446 3624 est
463 3571 624 3640 aliquo
643 3574 789 3625 modo
806 3575 1063 3641 impotens.
1093 3576 1224 3627 Deus

1322 1281 1425 1340 Ira,
1464 1282 1650 1339 Odiur'n,
1687 1282 1782 1331 &c.'
1824 1283 1934 1333 Deo
1971 1284 2169 1335 attribui

1322 1348 1562 1409 videntur,
1650 1370 1849 1418 quorum
1932 1353 2169 1409 omnium,

1322 1437 1465 1486 quum
1493 1421 1546 1468 fit
1578 1422 1911 1486 simplicissima
1940 1423 2165 1481 Effentia,

1321 1490 1631 1539 immutabilis
1686 1493 1830 1540 etiam
1889 1497 1931 1539 δι
1983 1492 2169 1559 semper

1320 1559 1501 1608 infinite
1538 1560 1720 1615 beatus,
1761 1561 1942 1625 prorsus
1981 1562 2045 1610 est
2088 1563 2166 1611 in-

1320 1646 1491 1694 capax.
1554 1632 1713 1695 Qare
1739 1630 1819 1679 ista
1840 1629 2168 1698 οἷνθξωποπαθῦς

1319 1698 1463 1755 dista,
1535 1697 1771 1767 θεοπξεπῦς
1852 1700 2168 1767 intelligenda

1318 1768 1439 1817 sunt.

1389 1838 1642 1887 Wilkins's
1661 1839 1780 1887 Nat.
1805 1838 1912 1886 Rel.
1934 1838 1968 1887 l.
1994 1856 2010 1888 1
2026 1875 2036 1887 .
2057 1855 2100 1888 c.
2116 1843 2166 1889 8.

1319 1906 1519 1958 Pearson
1539 1910 1589 1957 in
1606 1909 1774 1973 Symb.
1795 1908 1960 1974 Apost.
1987 1912 2093 1957 Art.
2112 1908 2248 1978 6.J1‚>¹

1388 1979 1407 2008 ⁷
1449 1980 1683 2040 Sapientia
1707 1977 1804 2027 Dei
1827 1990 1963 2044 patet
1993 1995 2053 2026 ex
2078 1977 2178 2027 ad-·.

1319 2046 1529 2098 mirabili
1555 2065 1710 2096 rerum
1741 2046 1925 2096 Ordine
1962 2062 2010 2096 et
2047 2048 2166 2107 Usu,
2236 2066 2239 2068 ·

1321 2134 1381 2165 ex
1417 2117 1564 2166 variis
1595 2118 1742 2166 etiam
1782 2117 1957 2165 divinae
1993 2116 2168 2168 Provi-

1321 2186 1494 2235 dentiae
1518 2187 1777 2236 effcstibuS.

1406 2256 1662 2304 Wilkins's
1710 2258 1828 2305 Nat.
1872 2256 1981 2307 Rel.
2030 2255 2064 2304 l.
2121 2273 2166 2309 1.

1320 2341 1363 2372 c.
1389 2325 1440 2382 6,
1470 2344 1517 2392 9.
1543 2327 1694 2390 Ray’s
1715 2326 1930 2374 Wisdom
1951 2325 2012 2374 of
2026 2325 2162 2382 God,

1321 2399 1412 2442 δερ.
1471 2395 1700 2445 Sherlock
1747 2395 1807 2444 of
1845 2393 2162 2453 Providence‚

1312 2481 1355 2512 c.
1387 2469 1434 2512 8.

1385 2531 1404 2559 ⁸
1432 2535 1619 2583 Bonitas
1643 2535 1740 2584 Dei
1765 2547 1899 2601 patet
1930 2550 1991 2583 ex
2027 2551 2162 2584 crea-

1315 2604 1442 2653 tione
1478 2616 1525 2652 et
1562 2605 1918 2654 conservatione
1966 2621 2160 2662 rerum;

1317 2674 1527 2722 maxime
1554 2689 1712 2723 autern
1748 2692 1807 2722 ex
1842 2673 2046 2722 Generis
2071 2673 2160 2722 hu·
2238 2690 2246 2701 “

1317 2744 1451 2792 mani
1495 2761 1584 2810 per
1627 2743 1869 2797 Christum
1912 2742 2157 2810 Redemp-

1318 2826 1463 2862 tione.

1389 2883 1621 2932 Sherlock
1635 2883 1694 2933 of
1706 2882 2028 2939 Providence,
2048 2896 2156 2946 c.7.

1317 2952 1574 3002 Wilkins’s
1595 2955 1714 3003 Nat.
1743 2954 1854 3001 Rel.
1879 2954 1913 2999 l.
1947 2968 1988 3000 1.
2007 2968 2051 2999 c.
2078 2967 2156 3002 10.

1316 3025 1409 3071 Art
1433 3023 1492 3071 of
1515 3024 1878 3076 Contentment,
1904 3021 2011 3070 feet.
2040 3036 2088 3085 3,
2105 3035 2157 3084 4.

1316 3093 1491 3142 Scott’s
1530 3092 1769 3140 Christian
1803 3090 1934 3148 Life,
1971 3103 2079 3156 part
2105 3105 2158 3142 z.

1312 3162 1411 3211 vol.
1444 3179 1489 3211 2.
1517 3179 1632 3228 pag.
1662 3178 1779 3227 242.
2063 3223 2065 3226 Α

1381 3237 1404 3265 9
1429 3230 1621 3279 Creator
1647 3236 1850 3280 omnium.
1914 3229 2157 3280 Mundum

1309 3312 1536 3348 aeternum
1609 3318 1711 3349 non
1781 3300 1872 3348 effe
1934 3301 2158 3349 testantur

1315 3370 1454 3418 Artes
1481 3387 1629 3435 nuper
1653 3369 1877 3427 inventae,
1904 3369 2156 3435 Regiones

1308 3456 1457 3502 nuper
1480 3439 1773 3508 investigatae
1801 3449 1851 3486 et
1885 3437 2042 3487 adhuc
2076 3436 2158 3486 in-

1310 3509 1471 3564 cultae,
1520 3507 1744 3571 Historiae
1776 3522 1940 3558 omnes
1975 3523 2154 3572 paucos

1309 3589 1435 3628 retro
1454 3593 1600 3628 annos
1617 3577 1939 3645 respicientes.
1985 3577 2024 3626 F
2027 3578 2159 3695 actui}
2193 3577 2198 3582 ’

2089 3660 2117 3695 e
